% Encoding: UTF-8




@article{nadeem2019intelligent,
  title={Intelligent reflecting surface assisted wireless communication: Modeling and channel estimation},
  author={Nadeem, Qurrat-Ul-Ain and Kammoun, Abla and Chaaban, Anas and Debbah, Merouane and Alouini, Mohamed-Slim},
  journal={arXiv preprint arXiv:1906.02360},
  year={2019}
}

@Comment{jabref-meta: databaseType:bibtex;}
